@inproceedings{yang2023cajun,
  title={Cajun: Continuous adaptive jumping using a learned centroidal controller},
  author={Yang, Yuxiang and Shi, Guanya and Meng, Xiangyun and Yu, Wenhao and Zhang, Tingnan and Tan, Jie and Boots, Byron},
  booktitle={Conference on Robot Learning},
  pages={2791--2806},
  year={2023},
  organization={PMLR}
}

@inproceedings{chignoli2021online,
  title={Online trajectory optimization for dynamic aerial motions of a quadruped robot},
  author={Chignoli, Matthew and Kim, Sangbae},
  booktitle={2021 IEEE International Conference on Robotics and Automation (ICRA)},
  pages={7693--7699},
  year={2021},
  organization={IEEE}
}

@inproceedings{nguyen2022continuous,
  title={Continuous jumping for legged robots on stepping stones via trajectory optimization and model predictive control},
  author={Nguyen, Chuong and Bao, Lingfan and Nguyen, Quan},
  booktitle={2022 IEEE 61st Conference on Decision and Control (CDC)},
  pages={93--99},
  year={2022},
  organization={IEEE}
}

@inproceedings{yang2023continuous,
  title={Continuous versatile jumping using learned action residuals},
  author={Yang, Yuxiang and Meng, Xiangyun and Yu, Wenhao and Zhang, Tingnan and Tan, Jie and Boots, Byron},
  booktitle={Learning for Dynamics and Control Conference},
  pages={770--782},
  year={2023},
  organization={PMLR}
}

@article{bellegarda2020robust,
  title={Robust quadruped jumping via deep reinforcement learning},
  author={Bellegarda, Guillaume and Nguyen, Chuong and Nguyen, Quan},
  journal={arXiv preprint arXiv:2011.07089},
  year={2020}
}

@inproceedings{xie2022glide,
  title={Glide: Generalizable quadrupedal locomotion in diverse environments with a centroidal model},
  author={Xie, Zhaoming and Da, Xingye and Babich, Buck and Garg, Animesh and de Panne, Michiel van},
  booktitle={International Workshop on the Algorithmic Foundations of Robotics},
  pages={523--539},
  year={2022},
  organization={Springer}
}

@inproceedings{nguyen2019optimized,
  title={Optimized jumping on the mit cheetah 3 robot},
  author={Nguyen, Quan and Powell, Matthew J and Katz, Benjamin and Di Carlo, Jared and Kim, Sangbae},
  booktitle={2019 International Conference on Robotics and Automation (ICRA)},
  pages={7448--7454},
  year={2019},
  organization={IEEE}
}

@article{makoviychuk2021isaac,
  title={Isaac gym: High performance gpu-based physics simulation for robot learning},
  author={Makoviychuk, Viktor and Wawrzyniak, Lukasz and Guo, Yunrong and Lu, Michelle and Storey, Kier and Macklin, Miles and Hoeller, David and Rudin, Nikita and Allshire, Arthur and Handa, Ankur and others},
  journal={arXiv preprint arXiv:2108.10470},
  year={2021}
}

@article{andersson2019casadi,
  title={CasADi: a software framework for nonlinear optimization and optimal control},
  author={Andersson, Joel AE and Gillis, Joris and Horn, Greg and Rawlings, James B and Diehl, Moritz},
  journal={Mathematical Programming Computation},
  volume={11},
  pages={1--36},
  year={2019},
  publisher={Springer}
}
