@book{lavalle2006planning,
  title={Planning algorithms},
  author={LaValle, Steven M},
  year={2006},
  publisher={Cambridge university press}
}

@article{lavalle2001randomized,
  title={Randomized kinodynamic planning},
  author={LaValle, Steven M and Kuffner Jr, James J},
  journal={The international journal of robotics research},
  volume={20},
  number={5},
  pages={378--400},
  year={2001},
  publisher={SAGE Publications}
}

@article{lavalle1998rapidly,
  title={Rapidly-exploring random trees: A new tool for path planning},
  author={LaValle, Steven},
  journal={Research Report 9811},
  year={1998},
  publisher={Department of Computer Science, Iowa State University}
}

@inproceedings{kuffner2000rrt,
  title={RRT-connect: An efficient approach to single-query path planning},
  author={Kuffner, James J and LaValle, Steven M},
  booktitle={Proceedings 2000 ICRA. Millennium Conference. IEEE International Conference on Robotics and Automation. Symposia Proceedings (Cat. No. 00CH37065)},
  volume={2},
  pages={995--1001},
  year={2000},
  organization={IEEE}
}

@article{hauser2020robotic,
  title={Robotic Systems},
  author={Hauser, Kris},
  journal={Draft in progress (cit. on p. 20)},
  year={2020}
}

@misc{coumans2016pybullet,
  title={Pybullet, a python module for physics simulation for games, robotics and machine learning},
  author={Coumans, Erwin and Bai, Yunfei},
  year={2016}
}

@incollection{coumans2015bullet,
  title={Bullet physics simulation},
  author={Coumans, Erwin},
  booktitle={ACM SIGGRAPH 2015 Courses},
  pages={1},
  year={2015}
}

@article{kierzenka2001bvp,
  title={A BVP solver based on residual control and the Maltab PSE},
  author={Kierzenka, Jacek and Shampine, Lawrence F},
  journal={ACM Transactions on Mathematical Software (TOMS)},
  volume={27},
  number={3},
  pages={299--316},
  year={2001},
  publisher={ACM New York, NY, USA}
}

@article{bentley1975multidimensional,
  title={Multidimensional binary search trees used for associative searching},
  author={Bentley, Jon Louis},
  journal={Communications of the ACM},
  volume={18},
  number={9},
  pages={509--517},
  year={1975},
  publisher={ACM New York, NY, USA}
}

@article{donald1993kinodynamic,
  title={Kinodynamic motion planning},
  author={Donald, Bruce and Xavier, Patrick and Canny, John and Reif, John},
  journal={Journal of the ACM (JACM)},
  volume={40},
  number={5},
  pages={1048--1066},
  year={1993},
  publisher={ACM New York, NY, USA}
}
